% This file was created with JabRef 2.7b.
% Encoding: UTF-8

@INPROCEEDINGS{auguin1983,
  author = {Auguin, M and Larbey, F},
  title = {OPSILA, an advanced SIMD for numerical analysis and signal processing},
  booktitle = {Euromicro-83 Symp.(sept. 14--16 1983)},
  year = {1983},
  pages = {311--318}
}

@ARTICLE{Dagum1998,
  author = {Dagum, Leonardo and Menon, Ramesh},
  title = {OpenMP: an industry standard API for shared-memory programming},
  journal = {Computational Science \& Engineering, IEEE},
  year = {1998},
  volume = {5},
  pages = {46--55},
  number = {1},
  owner = {suxing},
  publisher = {IEEE},
  timestamp = {2013.11.08}
}

@INPROCEEDINGS{Geist1996,
  author = {Geist, Al and Gropp, William and Huss-Lederman, Steve and Lumsdaine,
	Andrew and Lusk, Ewing and Saphir, William and Skjellum, Tony and
	Snir, Marc},
  title = {MPI-2: Extending the message-passing interface},
  booktitle = {Euro-Par'96 Parallel Processing},
  year = {1996},
  pages = {128--135},
  organization = {Springer},
  timestamp = {2013.11.08}
}

@MISC{moore1965,
  author = {Moore, Gordon E and others},
  title = {Cramming more components onto integrated circuits},
  year = {1965},
  publisher = {McGraw-Hill}
}

